@article{ari2,
  title={Comparing partitions},
  author={L. Hubert and P. Arabie},
  journal={Journal of Classification},
  year={1985},
  volume={2},
  pages={193-218}
}
@article{ari1,
  title={Objective Criteria for the Evaluation of Clustering Methods},
  author={W. Rand},
  journal={Journal of the American Statistical Association},
  year={1971},
  volume={66},
  pages={846-850}
}
@inproceedings{sintel,
title = {A naturalistic open source movie for optical flow evaluation},
author = {Butler, D. J. and Wulff, J. and Stanley, G. B. and Black, M. J.},
booktitle = {European Conf. on Computer Vision (ECCV)},
editor = {{A. Fitzgibbon et al. (Eds.)}},
publisher = {Springer-Verlag},
series = {Part IV, LNCS 7577},
month = oct,
pages = {611--625},
year = {2012}
}
@InProceedings{chairsd,
  author    = "E. Ilg and N. Mayer and T. Saikia and M. Keuper and A. Dosovitskiy and T. Brox",
  title     = "FlowNet 2.0: Evolution of Optical Flow Estimation with Deep Networks",
  booktitle = "IEEE Conference on Computer Vision and Pattern Recognition (CVPR)",
  month     = "Jul",
  year      = "2017",
  url       = "http://lmb.informatik.uni-freiburg.de//Publications/2017/IMKDB17"
}
@InProceedings{flyingchair,
  author    = "A. Dosovitskiy and P. Fischer and E. Ilg and P. H{\"a}usser and C. Haz{\i}rba{\c{s}} and V. Golkov and P. v.d. Smagt and D. Cremers and T. Brox",
  title     = "FlowNet: Learning Optical Flow with Convolutional Networks",
  booktitle = "IEEE International Conference on Computer Vision (ICCV)",
  month     = " ",
  year      = "2015",
  url       = "http://lmb.informatik.uni-freiburg.de/Publications/2015/DFIB15"
}
@article{flying3d,
  title={A Large Dataset to Train Convolutional Networks for Disparity, Optical Flow, and Scene Flow Estimation},
  author={N. Mayer and Eddy Ilg and Philip H{\"a}usser and P. Fischer and D. Cremers and A. Dosovitskiy and T. Brox},
  journal={2016 IEEE Conference on Computer Vision and Pattern Recognition (CVPR)},
  year={2016},
  pages={4040-4048}
}
@article{flownet2,
  title={FlowNet 2.0: Evolution of Optical Flow Estimation with Deep Networks},
  author={Eddy Ilg and N. Mayer and Tonmoy Saikia and Margret Keuper and A. Dosovitskiy and T. Brox},
  journal={2017 IEEE Conference on Computer Vision and Pattern Recognition (CVPR)},
  year={2017},
  pages={1647-1655}
}
@inproceedings{keuper2018motion,
  title={Motion segmentation \& multiple object tracking by correlation co-clustering},
  author={Keuper, Margret and Tang, Siyu and Andres, Bjoern and Brox, Thomas and Schiele, Bernt},
  journal={IEEE transactions on pattern analysis and machine intelligence},
  volume={42},
  number={1},
  pages={140--153},
  year={2018},
  publisher={IEEE}
}

@inproceedings{jain2017fusionseg,
  title={Fusionseg: Learning to combine motion and appearance for fully automatic segmentation of generic objects in videos},
  author={Jain, Suyog Dutt and Xiong, Bo and Grauman, Kristen},
  booktitle={2017 IEEE conference on computer vision and pattern recognition (CVPR)},
  pages={2117--2126},
  year={2017},
  organization={IEEE}
}

@inproceedings{engelcke2019genesis,
  title={Genesis: Generative scene inference and sampling with object-centric latent representations},
  author={Engelcke, Martin and Kosiorek, Adam R and Jones, Oiwi Parker and Posner, Ingmar},
  journal={arXiv preprint arXiv:1907.13052},
  year={2019}
}

@inproceedings{tokmakov2017learning,
  title={Learning motion patterns in videos},
  author={Tokmakov, Pavel and Alahari, Karteek and Schmid, Cordelia},
  booktitle={Proceedings of the IEEE conference on computer vision and pattern recognition},
  pages={3386--3394},
  year={2017}
}

@book{weiss1995perceptually,
  title={Perceptually organized EM: A framework for motion segmentation that combines information about form and motion},
  author={Weiss, Yair and Adelson, Edward H},
  year={1995},
  publisher={Media Laboratory, Massachusetts Institute of Technology}
}

@inproceedings{weiss1996unified,
  title={A unified mixture framework for motion segmentation: Incorporating spatial coherence and estimating the number of models},
  author={Weiss, Yair and Adelson, Edward H},
  booktitle={Proceedings CVPR IEEE Computer Society Conference on Computer Vision and Pattern Recognition},
  pages={321--326},
  year={1996},
  organization={IEEE}
}

@INPROCEEDINGS{5995523,  author={Lee, Yong Jae and Grauman, Kristen},  booktitle={CVPR 2011},   title={Learning the easy things first: Self-paced visual category discovery},   year={2011},  volume={},  number={},  pages={1721-1728},  doi={10.1109/CVPR.2011.5995523}}

@inproceedings{wertheimer1912experimentelle,
  title={Experimentelle studien uber das sehen von bewegung},
  author={Wertheimer, Max},
  journal={Zeitschrift fur psychologie},
  volume={61},
  year={1912}
}

@inproceedings{cheng2017segflow,
  title={Segflow: Joint learning for video object segmentation and optical flow},
  author={Cheng, Jingchun and Tsai, Yi-Hsuan and Wang, Shengjin and Yang, Ming-Hsuan},
  booktitle={Proceedings of the IEEE international conference on computer vision},
  pages={686--695},
  year={2017}
}

@inproceedings{pathak2017learning,
  title={Learning features by watching objects move},
  author={Pathak, Deepak and Girshick, Ross and Doll{\'a}r, Piotr and Darrell, Trevor and Hariharan, Bharath},
  booktitle={Proceedings of the IEEE Conference on Computer Vision and Pattern Recognition},
  pages={2701--2710},
  year={2017}
}

@inproceedings{shi1998motion,
  title={Motion segmentation and tracking using normalized cuts},
  author={Shi, Jianbo and Malik, Jitendra},
  booktitle={Sixth International Conference on Computer Vision (IEEE Cat. No. 98CH36271)},
  pages={1154--1160},
  year={1998},
  organization={IEEE}
}

@inproceedings{lin2020space,
  title={Space: Unsupervised object-oriented scene representation via spatial attention and decomposition},
  author={Lin, Zhixuan and Wu, Yi-Fu and Peri, Skand Vishwanath and Sun, Weihao and Singh, Gautam and Deng, Fei and Jiang, Jindong and Ahn, Sungjin},
  journal={arXiv preprint arXiv:2001.02407},
  year={2020}
}

@inproceedings{wang2015unsupervised,
  title={Unsupervised learning of visual representations using videos},
  author={Wang, Xiaolong and Gupta, Abhinav},
  booktitle={Proceedings of the IEEE international conference on computer vision},
  pages={2794--2802},
  year={2015}
}

@inproceedings{chen2019unsupervised,
  title={Unsupervised object segmentation by redrawing},
  author={Chen, Micka{\"e}l and Arti{\`e}res, Thierry and Denoyer, Ludovic},
  journal={arXiv preprint arXiv:1905.13539},
  year={2019}
}

@inproceedings{yang2020learning,
  title={Learning to manipulate individual objects in an image},
  author={Yang, Yanchao and Chen, Yutong and Soatto, Stefano},
  booktitle={Proceedings of the IEEE/CVF Conference on Computer Vision and Pattern Recognition},
  pages={6558--6567},
  year={2020}
}

@inproceedings{bideau2018moa,
  title={MoA-Net: self-supervised motion segmentation},
  author={Bideau, Pia and Menon, Rakesh R and Learned-Miller, Erik},
  booktitle={Proceedings of the European Conference on Computer Vision (ECCV) Workshops},
  pages={0--0},
  year={2018}
}

@inproceedings{gao2016object,
  title={Object-centric representation learning from unlabeled videos},
  author={Gao, Ruohan and Jayaraman, Dinesh and Grauman, Kristen},
  booktitle={Asian Conference on Computer Vision},
  pages={248--263},
  year={2016},
  organization={Springer}
}

@inproceedings{yan2006general,
  title={A general framework for motion segmentation: Independent, articulated, rigid, non-rigid, degenerate and non-degenerate},
  author={Yan, Jingyu and Pollefeys, Marc},
  booktitle={European conference on computer vision},
  pages={94--106},
  year={2006},
  organization={Springer}
}

@inproceedings{lambeta2020digit,
  title={Digit: A novel design for a low-cost compact high-resolution tactile sensor with application to in-hand manipulation},
  author={Lambeta, Mike and Chou, Po-Wei and Tian, Stephen and Yang, Brian and Maloon, Benjamin and Most, Victoria Rose and Stroud, Dave and Santos, Raymond and Byagowi, Ahmad and Kammerer, Gregg and others},
  journal={IEEE Robotics and Automation Letters},
  volume={5},
  number={3},
  pages={3838--3845},
  year={2020},
  publisher={IEEE}
}

@inproceedings{yang2021rigidmask,
title={Learning to Segment Rigid Motions from Two Frames},
author={Yang, Gengshan and Ramanan, Deva},
booktitle={CVPR},
year={2021}
}

@inproceedings{tron2007benchmark,
  title={A benchmark for the comparison of 3-d motion segmentation algorithms},
  author={Tron, Roberto and Vidal, Ren{\'e}},
  booktitle={2007 IEEE conference on computer vision and pattern recognition},
  pages={1--8},
  year={2007},
  organization={IEEE}
}

@inproceedings{Kulkarni2019UnsupervisedLO,
  title={Unsupervised Learning of Object Keypoints for Perception and Control},
  author={Tejas D. Kulkarni and A. Gupta and Catalin Ionescu and Sebastian Borgeaud and M. Reynolds and Andrew Zisserman and V. Mnih},
  booktitle={NeurIPS},
  year={2019}
}

@inproceedings{johnson2010infants,
  title={How infants learn about the visual world},
  author={Johnson, Scott P},
  journal={Cognitive Science},
  volume={34},
  number={7},
  pages={1158--1184},
  year={2010},
  publisher={Wiley Online Library}
}

@inproceedings{spelke2007core,
  title={Core knowledge},
  author={Spelke, Elizabeth S and Kinzler, Katherine D},
  journal={Developmental science},
  volume={10},
  number={1},
  pages={89--96},
  year={2007},
  publisher={Wiley Online Library}
}

@inproceedings{spelke1990principles,
  title={Principles of object perception},
  author={Spelke, Elizabeth S},
  journal={Cognitive science},
  volume={14},
  number={1},
  pages={29--56},
  year={1990},
  publisher={Elsevier}
}

@inproceedings{spelke1992origins,
  title={Origins of knowledge.},
  author={Spelke, Elizabeth S and Breinlinger, Karen and Macomber, Janet and Jacobson, Kristen},
  journal={Psychological review},
  volume={99},
  number={4},
  pages={605},
  year={1992},
  publisher={American Psychological Association}
}

@inproceedings{greff2019multi,
  title={Multi-object representation learning with iterative variational inference},
  author={Greff, Klaus and Kaufman, Rapha{\"e}l Lopez and Kabra, Rishabh and Watters, Nick and Burgess, Christopher and Zoran, Daniel and Matthey, Loic and Botvinick, Matthew and Lerchner, Alexander},
  booktitle={International Conference on Machine Learning},
  pages={2424--2433},
  year={2019},
  organization={PMLR}
}

@inproceedings{Veerapaneni2019EntityAI,
  title={Entity Abstraction in Visual Model-Based Reinforcement Learning},
  author={Rishi Veerapaneni and John D. Co-Reyes and Michael Chang and Michael Janner and Chelsea Finn and Jiajun Wu and J. Tenenbaum and Sergey Levine},
  journal={ArXiv},
  year={2019},
  volume={abs/1910.12827}
}

@inproceedings{oord2017neural,
  title={Neural discrete representation learning},
  author={Oord, Aaron van den and Vinyals, Oriol and Kavukcuoglu, Koray},
  journal={arXiv preprint arXiv:1711.00937},
  year={2017}
}

@inproceedings{burgess2019monet,
  title={Monet: Unsupervised scene decomposition and representation},
  author={Burgess, Christopher P and Matthey, Loic and Watters, Nicholas and Kabra, Rishabh and Higgins, Irina and Botvinick, Matt and Lerchner, Alexander},
  journal={arXiv preprint arXiv:1901.11390},
  year={2019}
}

@inproceedings{dippel2021towards,
  title={Towards Fine-grained Visual Representations by Combining Contrastive Learning with Image Reconstruction and Attention-weighted Pooling},
  author={Dippel, Jonas and Vogler, Steffen and H{\"o}hne, Johannes},
  journal={arXiv preprint arXiv:2104.04323},
  year={2021}
}

@inproceedings{crawford2019spatially,
  title={Spatially invariant unsupervised object detection with convolutional neural networks},
  author={Crawford, Eric and Pineau, Joelle},
  booktitle={Proceedings of the AAAI Conference on Artificial Intelligence},
  volume={33},
  number={01},
  pages={3412--3420},
  year={2019}
}

@inproceedings{kipf2018neural,
  title={Neural relational inference for interacting systems},
  author={Kipf, Thomas and Fetaya, Ethan and Wang, Kuan-Chieh and Welling, Max and Zemel, Richard},
  booktitle={International Conference on Machine Learning},
  pages={2688--2697},
  year={2018},
  organization={PMLR}
}

@inproceedings{eslami2016attend,
  title={Attend, infer, repeat: Fast scene understanding with generative models},
  author={Eslami, SM and Heess, Nicolas and Weber, Theophane and Tassa, Yuval and Szepesvari, David and Kavukcuoglu, Koray and Hinton, Geoffrey E},
  journal={arXiv preprint arXiv:1603.08575},
  year={2016}
}

@inproceedings{chen2020improved,
  title={Improved baselines with momentum contrastive learning},
  author={Chen, Xinlei and Fan, Haoqi and Girshick, Ross and He, Kaiming},
  journal={arXiv preprint arXiv:2003.04297},
  year={2020}
}

@inproceedings{chen2020simple,
  title={A simple framework for contrastive learning of visual representations},
  author={Chen, Ting and Kornblith, Simon and Norouzi, Mohammad and Hinton, Geoffrey},
  booktitle={International conference on machine learning},
  pages={1597--1607},
  year={2020},
  organization={PMLR}
}

@inproceedings{minderer2019unsupervised,
  title={Unsupervised learning of object structure and dynamics from videos},
  author={Minderer, Matthias and Sun, Chen and Villegas, Ruben and Cole, Forrester and Murphy, Kevin and Lee, Honglak},
  journal={arXiv preprint arXiv:1906.07889},
  year={2019}
}

@inproceedings{wertheimer1938laws,
  title={Laws of organization in perceptual forms (translated from the 1917 German version).},
  author={Wertheimer, Max},
  year={1938},
  publisher={Kegan Paul, Trench, Trubner \& Company}
}

@inproceedings{jakab2020self,
  title={Self-supervised learning of interpretable keypoints from unlabelled videos},
  author={Jakab, Tomas and Gupta, Ankush and Bilen, Hakan and Vedaldi, Andrea},
  booktitle={Proceedings of the IEEE/CVF Conference on Computer Vision and Pattern Recognition},
  pages={8787--8797},
  year={2020}
}

@inproceedings{locatello2020object,
  title={Object-centric learning with slot attention},
  author={Locatello, Francesco and Weissenborn, Dirk and Unterthiner, Thomas and Mahendran, Aravindh and Heigold, Georg and Uszkoreit, Jakob and Dosovitskiy, Alexey and Kipf, Thomas},
  journal={arXiv preprint arXiv:2006.15055},
  year={2020}
}

@inproceedings{jakab2018unsupervised,
  title={Unsupervised learning of object landmarks through conditional image generation},
  author={Jakab, Tomas and Gupta, Ankush and Bilen, Hakan and Vedaldi, Andrea},
  journal={arXiv preprint arXiv:1806.07823},
  year={2018}
}

@inproceedings{kipf2019contrastive,
  title={Contrastive learning of structured world models},
  author={Kipf, Thomas and van der Pol, Elise and Welling, Max},
  journal={arXiv preprint arXiv:1911.12247},
  year={2019}
}

@inproceedings{racah2020slot,
  title={Slot Contrastive Networks: A Contrastive Approach for Representing Objects},
  author={Racah, Evan and Chandar, Sarath},
  journal={arXiv preprint arXiv:2007.09294},
  year={2020}
}

@inproceedings{lowe2020learning,
  title={Learning Object-Centric Video Models by Contrasting Sets},
  author={L{\"o}we, Sindy and Greff, Klaus and Jonschkowski, Rico and Dosovitskiy, Alexey and Kipf, Thomas},
  journal={arXiv preprint arXiv:2011.10287},
  year={2020}
}